<?xml version="1.0" encoding="UTF-8"?><collection xmlns="http://www.loc.gov/MARC21/slim"><record><leader>00330nam--2200109-i-4500</leader><controlfield tag="001">000016365</controlfield><controlfield tag="002">20161230</controlfield><controlfield tag="005">20161230201031</controlfield><controlfield tag="008">060222s1000------------r-----000-0-eng-d</controlfield><datafield ind1=" " ind2=" " tag="100"><subfield code="a">Degrange Bernard Jean</subfield></datafield><datafield ind1=" " ind2=" " tag="245"><subfield code="a">Etude directe des modes natures dedensite gration de meson   :  et these</subfield></datafield><datafield ind1=" " ind2=" " tag="260"><subfield code="a">Orsay,Universite,1969. 220 P.+ Annexe</subfield></datafield></record></collection>